% !TeX encoding=UTF-8
% !TeX spellcheck=pt_BR
%%%%%%%%%%%%%%%%%%%%%%%%%%%%%%%%%%%%%%
@MISC{rice-ad_hoc_city-2003-09-11,
 author = {Jorjeta G. Jetcheva and Yih-Chun Hu and Santashil PalChaudhuri and Amit Kumar Saha and David B. Johnson},
 title = {{CRAWDAD} data set rice/ad\_hoc\_city (v. 2003-09-11)},
 howpublished = {Downloaded from http://crawdad.org/rice/ad\_hoc\_city/},
 year = {2003}
}
@MISC{roma-taxi-2014-07-17,
 author = {Lorenzo Bracciale and Marco Bonola and Pierpaolo Loreti and Giuseppe Bianchi and Raul Amici and Antonello Rabuffi},
 title = {{CRAWDAD} data set roma/taxi (v. 2014-07-17)},
 howpublished = {Downloaded from http://crawdad.org/roma/taxi/},
 year = 2014
}
@Other {export:152883,
  author = {Yu Zheng},
  booktitle  = {T-Drive sample dataset},
  month = {August},
  title = {T-Drive trajectory data sample},
  url = {http://research.microsoft.com/apps/pubs/default.aspx?id=152883},
  year = {2011},
}
%%%%%%%%%%%%%%%%%%%%%%%%%%%%%%%%%%%%%%
@article{al-sultan-2014,
 author = {Al-Sultan, Saif and Al-Doori, Moath M. and Al-Bayatti, Ali H. and Zedan, Hussien},
 title = {A Comprehensive Survey on Vehicular Ad Hoc Network},
 journal = {Journal of Network and Computer Applications},
 volume = {37},
 year = {2014},
 issn = {1084-8045},
 pages = {380--392},
 doi={10.1016/j.jnca.2013.02.036},
 acmid = {2565407},
 publisher = {Academic Press Ltd.},
 address={Estados Unidos},
}
@inproceedings{Kishimoto-2014,
 title={Cooperative Inter-Infrastructure Communication System Using 700 MHz Band},
 author={Kishimoto, Kengo and Yamada, Masaya and Jinno, Masayuki},
 publisher={Sumitomo Electric Industries},
 series={SEI Technical Review No.78 April 2014}, 
 year={2014},
 pages={19-23},
 address={Japão},
}


@inproceedings{tangade-2013,
 author={Tangade, S.S. and Manvi, S.S.},
 booktitle={Computing, Communications and Networking Technologies (ICCCNT)},
 title={A survey on attacks, security and trust management solutions in VANETs},
 year={2013},
 pages={1-6},
}
@article{figueiredo-2004,
 author={Figueiredo, L. and Machado, J.A.T. and Ferreira, J.R.},
 journal={Intelligent Transportation Systems, IEEE},
 title={Dynamical analysis of freeway traffic},
 year={2004},
 volume={5},
 number={4},
 pages={259-266},
 ISSN={1524-9050},
}
@article{dimitrakopoulos-2010,
 author={Dimitrakopoulos, G. and Demestichas, P.},
 journal={Vehicular Technology Magazine, IEEE},
 title={Intelligent Transportation Systems},
 year={2010},
 month={March},
 volume={5},
 number={1},
 pages={77-84},
 ISSN={1556-6072},
}
@article{ma-2014,
 author={Huadong Ma and Dong Zhao and Peiyan Yuan},
 journal={Communications Magazine, IEEE},
 title={Opportunities in mobile crowd sensing},
 year={2014},
 volume={52},
 number={8},
 pages={29-35},
 ISSN={0163-6804},
}
%% talvez
@inproceedings{noori2013novel,
 author = {Noori, H. and Olyaei, B.B.},
 title = {{A novel study on beaconing for VANET-based vehicle to vehicle communication: Probability of beacon delivery in realistic large-scale urban area using 802.11p}},
 booktitle = {2013 International Conference on Smart Communications in Network Technologies (SaCoNeT 2013)},
 year = {2013},
 month = {June},
 publisher = {IEEE},
}
@article{chen-2010,
 author={Chen, R. and Wong Jin and Regan, A.},
 journal={Network, IEEE},
 title={Broadcasting safety information in vehicular networks: issues and approaches},
 year={2010},
 volume={24},
 number={1},
 pages={20-25},
 doi={10.1109/MNET.2010.5395779},
 ISSN={0890-8044},
}
@mastersthesis{tavares-2013,
 author={Tavares, Anderson Rocha},
 title={Uma abordagem baseada em agentes para simulação de tarifação viária e comunicação inter-veicular},
 address={Brasil},
 year={2013},
 school={Universidade Federal do Ceará (UFC)}
}
@mastersthesis{vieira-2011,
 author={Vieira,Leandro Kravczuk},
 title={Análise de desempenho de uma aplicação VoIP em redes veiculares},
 address={Brasil},
 year={2013},
 school={Universidade Federal do Rio Grande do Sul (UFRGS)}
}
@inproceedings{uppoor-2012,
 author = {Uppoor, Sandesh and Fiore, Marco},
 title = {Insights on Metropolitan-scale Vehicular Mobility from a Networking Perspective},
 booktitle = {Proceedings of the 4th ACM International Workshop on Hot Topics in Planet-scale Measurement},
 series = {HotPlanet '12},
 year = {2012},
 isbn = {978-1-4503-1318-6},
 location = {Low Wood Bay, Lake District, UK},
 numpages = {6},
 doi={10.1145/2307836.2307848},
 publisher = {ACM},
 address={Estados Unidos},
} 
@incollection{li-2012,
 author={Li, Yunxin(Jeff)},
 title={An Overview of the {DSRC/WAVE} Technology},
 booktitle={Quality, Reliability, Security and Robustness in Heterogeneous Networks},
 series={Lecture Notes of the Institute for Computer Sciences, Social Informatics and Telecommunications Engineering},
 doi={10.1007/978-3-642-29222-4_38},
 isbn={978-3-642-29221-7},
 volume={74},
 publisher={Springer Berlin Heidelberg},
 year={2012},
 pages={544-558},
 address={Estados Unidos},
}
@inproceedings{sattari-2012,
 author={Sattari, M.R.J. and Noor, R.M. and Keshavarz, H.},
 booktitle={Communication, Networks and Satellite (ComNetSat), 2012 IEEE International Conference},
 title={A taxonomy for congestion control algorithms in Vehicular Ad Hoc Networks},
 year={2012},
 pages={44-49},
 doi={10.1109/ComNetSat.2012.6380774},
 address={Indonésia},
 publisher={IEEE},
}
@article{IEEE-Std-802.11,
 author={IEEE-802.11},
 journal={{IEEE} Std 802.11-2012 (Revision of IEEE Std 802.11-2007)},
 title={{IEEE} {S}tandard for {I}nformation technology -- {T}elecommunications and information exchange between systems {L}ocal and metropolitan area networks -- {S}pecific requirements {P}art 11: {W}ireless {LAN} {M}edium {A}ccess {C}ontrol ({MAC}) and {P}hysical {L}ayer ({P}HY) {S}pecifications},
 year={2012},
 pages={1-2793},
 doi={10.1109/IEEESTD.2012.6178212},
}

@article{IEEE-Std-1609.4,
 author={IEEE-1609.4},
 journal={IEEE Std 1609.4-2010 (Revision of IEEE Std 1609.4-2006)},
 title={{IEEE} {S}tandard for {W}ireless {A}ccess in {V}ehicular {E}nvironments ({WAVE})-- {M}ulti-channel {O}peration},
 year={2011},
 pages={1-89},
 doi={10.1109/IEEESTD.2011.5712769},
}

@article{IEEE-Std-1609.3,
 author={IEEE-1609.3},
 journal={{IEEE} Std 1609.3-2010 (Revision of IEEE Std 1609.3-2007)},
 title={{IEEE} {S}tandard for {W}ireless {A}ccess in {V}ehicular {E}nvironments ({WAVE}) - {N}etworking {S}ervices},
 year={2010},
 pages={1-144},
 doi={10.1109/IEEESTD.2010.5680697},
}

@article{IEEE-Std-1609.2,
 author={IEEE-1609.2},
 journal={IEEE Std 1609.2-2013 (Revision of IEEE Std 1609.2-2006)},
 title={{IEEE} {S}tandard for {W}ireless {A}ccess in {V}ehicular {E}nvironments {S}ecurity {S}ervices for {A}pplications and {M}anagement {M}essages},
 year={2013},
 pages={1-290},
 doi={10.1109/IEEESTD.2013.6509896},
}
@article{IEEE-Std-1609.1,
 author={IEEE-1609.1},
 journal={IEEE Std 1609.1-2006},
 title={{T}rial-{U}se {S}tandard for {W}ireless {A}ccess in {V}ehicular {E}nvironments ({WAVE}) - {R}esource {M}anager},
 year={2006},
 pages={1-71},
 doi={10.1109/IEEESTD.2006.246485},
}
@article{IEEE-Std-802.11p,
 author={IEEE-802.11{p}},
 journal={IEEE Std 802.11p-2010},
 title={{IEEE} {S}tandard for {I}nformation technology -- {L}ocal and metropolitan area networks -- {S}pecific requirements -- Part 11: {W}ireless {LAN} {M}edium {A}ccess {C}ontrol ({MAC}) and {P}hysical {L}ayer ({PHY}) {S}pecifications {A}mendment 6: {W}ireless {A}ccess in {V}ehicular {E}nvironments},
 year={2010},
 pages={1-51},
 doi={10.1109/IEEESTD.2010.5514475},
}
@article{kenney-2011,
 author={Kenney, John B.},
 journal={Proceedings of the IEEE},
 title={Dedicated Short-Range Communications (DSRC) Standards in the United States},
 year={2011},
 volume={99},
 number={7},
 pages={1162-1182},
 ISSN={0018-9219},
}
@inproceedings{Alves-2009,
 author={Alves,Rafael dos S. and Campbell, Igor do V. and Couto, Rodrigo de S. and Campista, Miguel Elias M. and Moraes, Igor M. and Rubinstein, Marcelo G. and Costa, Luís Henrique M. K. and Duarte, Otto Carlos M. B. and Abdalla, Michel},
 title={Redes Veiculares: Princípios, Aplicações e Desafios},
 booktitle={Minicursos do Simpósio Brasileiro de Redes de Computadores},
 series={ SBRC '2009},
 year={2009},
 isbn={1-58113-735-4},
 publisher={SBRC},
 address={Brasil},
}
@inproceedings{Fall-2003,
 author={Fall, Kevin},
 title={A Delay-tolerant Network Architecture for Challenged Internets},
 booktitle={Proceedings of the 2003 Conference on Applications, Technologies, Architectures, and Protocols for Computer Communications},
 series={SIGCOMM '03},
 year={2003},
 isbn={1-58113-735-4},
 location={Alemanha},
 numpages={8},
 doi={10.1145/863955.863960},
 publisher={ACM},
 address={Estados Unidos},
}
@inproceedings{Mahajan-2006,
 author={Mahajan, A. and Potnis, N. and Gopalan, K. and Wang, A.},
 booktitle={IEEE International Workshop on Next Generation Wireless Networks},
 title={Evaluation of Mobility Models For Vehicular Ad-Hoc Network Simulations},
 year={2006},
 address={Índia},
 publisher={WoNGeN},
}
@inproceedings{Pond-2013,
 title={Aspectos sociais como suporte ao roteamento em redes oportunistas},
 author={Pond, Bryan Larry and J{\'u}nior, Antonio C. Oliveira and Moreira, Waldir},
 year={2013},
 address={Brasil},
 publisher={XI Conferência de Estudos em Engenharia Elétrica (CEEL)},
}
@inproceedings{Khalid-2012,
 author={Khalid, Osman and Khan, Samee Ullah and Kolodziej, Joanna and Zhang, Limin and Li, Juan and Hayat, Khizar and Madani, Sajjad Ahmad and Wang, Lizhe and Chen, Dan},
 title={A Checkpoint Based Message Forwarding Approach For Opportunistic Communication.},
 booktitle={ECMS},
 pages={512-518},
 publisher={European Council for Modeling and Simulation},
 year={2012},
 address={Alemanha},
}
@phdthesis{Yokoyama-2014,
 title={Estratégias de beaconing para comunicação em redes veiculares},
 author={Roberto Sadao Yokoyama},
 year={2014},
 address={Brasil},
 school={Instituto de Ciências Matemáticas e de Ciências e de Computação, Universidade de São Paulo(ICMC)},
}
@phdthesis{junior-2013,
 title={Sistema Oportunístico e Colaborativo para Monitoramento de Trânsito Baseado em Redes Veiculares Infraestruturadas},
 author={{RIBEIRO J{\'U}NIOR}, José Geraldo},
 year={2013},
 address={Brasil},
 school={Universidade Federal do Rio de Janeiro (UFRJ)},
}
@phdthesis{grilli-2010,
 title={Data dissemination in vehicular ad-hoc networks},
 author={Grilli, Gianluca},
 year={2010},
 address={Itália},
 school={Department of Computer Science, Systems and Production, University of Rome},
}
@inproceedings{Soomro-2010,
 author={Soomro, I.A. and Hasbullah, H. and Manan, Jamalul},
 booktitle={Information Technology (ITSim)},
 title={User requirements model for vehicular Ad hoc network applications},
 volume={2},
 pages={800-804},
 ISSN={2155-897},
 year={2010},
 address={Malásia},
 publisher={IEEE}
}
@techreport{aboobaker-2010,
 author={Aboobaker, Abdul Kalam Kunnel  and Supervisor Dr. Stephen Wolthusen},
 title={Performance Analysis of Authentication Protocols in Vehicular Ad Hoc Networks (VANET)},
 year={2010},
 series={Technical Report RHUL-MA-2010-02 31st March 2010}, 
 institution={University of London},
 address={Reino Unido},
}

@article{Hartenstein-2008,
 author={Hartenstein, H. and Laberteaux, K.P.},
 journal={Communications Magazine, IEEE},
 title={A tutorial survey on vehicular ad hoc networks},
 year={2008},
 volume={46},
 number={6},
 pages={164-171},
 ISSN={0163-6804},
}
@book{Kurose-2012,
 author={Kurose, James F. and Ross, Keith W.},
 title={Computer Networking: A Top-Down Approach},
 year={2012},
 isbn={978-0-13-285620-1},
 edition={6th},
 address={Estados Unidos},
 publisher={Addison-Wesley},
}
@inproceedings{Thaina-2011,
 author={Thaina, C. and Nakorn, K.N. and Rojviboonchai, K.},
 booktitle={Communication Technology (ICCT)},
 title={A study of adaptive beacon transmission on Vehicular Ad-Hoc Networks},
 year={2011},
 pages={597-602},
 address={China},
 publisher={IEEE 13th International Conference},
}
@inproceedings{Nguyen-2002,
 author={Nguyen, H. and Bhawiyuga, A. and Jeong, H.},
 booktitle={Vehicular Technology Conference (VTC Spring), IEEE 75th},
 title={A Comprehensive Analysis of Beacon Dissemination in Vehicular Networks},
 year={2012},
 pages={1-5},
 ISSN={1550-2252},
 publisher={IEEE},
 address={Japão},
}
@book{Tanenbaum-2011,
 author={Tanenbaum, Andrew S. and Wetherall, David J.},
 title={Computer Networks},
 edition={5th},
 year={2011},
 publisher={Prentice Hall},
 address={Estados Unidos},
 isbn={978-0-13-212695-3},
}
@article{IEEE-Std-802.11-2012,
 author={IEEE-802.11},
 title={{IEEE} {S}tandard for {I}nformation technology--{T}elecommunications and information exchange between systems {L}ocal and metropolitan area networks--{S}pecific requirements {P}art 11: {W}ireless {L}AN {M}edium {A}ccess {C}ontrol ({MAC}) and {P}hysical {L}ayer ({PHY}) {S}pecifications},
 journal={IEEE Std 802.11-2012 (Revision of IEEE Std 802.11-2007)},
 pages={1-2793},
 year={2012},
 address={Estados Unidos},
}
@inproceedings{noori-2013,
 author={Noori, H. and Olyaei, B.B.},
 booktitle={Smart Communications in Network Technologies (SaCoNeT)},
 title={A novel study on beaconing for VANET-based vehicle to vehicle communication: Probability of beacon delivery in realistic large-scale urban area using 802.11p},
 year={2013},
 volume={01},
 pages={1-6},
 publisher={IEEE},
 address={França}
}
@misc{OMNeT++-2014,
 author={{OMNeT++}},
 title={OMNeT++ Community},
 year={2014},
 url={http://www.omnetpp.org/doc/omnetpp/manual/usman.html},
 urlaccessdate={16 junho 2014},
}
@misc{Veins-2014,
 author={Christoph Sommer},
 title={Vehicle in Network Simulation},
 year={2014},
 url={http://veins.car2x.org/documentation/},
 urlaccessdate={19 junho 2014},
}
@book{Kupper-2005,
 author={Kupper, Axel},
 title={Location-based Services: Fundamentals and Operation},
 year={2005},
 isbn={0470092319},
 pages={249-257},
 publisher={John Wiley \& Sons},
}
@inproceedings{Sastry-2009,
 author={Sastry, N. and Sollins, K. and Crowcroft, J.},
 booktitle={INFOCOM 2009, IEEE},
 title={Delivery Properties of Human Social Networks},
 year={2009},
 pages={2586-2590},
 publisher={IEEE},
 ISSN={0743-166X},
 doi={10.1109/INFCOM.2009.5062192},
 address={Brasil},
}
@article{Sastry-2011,
 author={Sastry, N. and Manjunath, D. and Sollins, K. and Crowcroft, J.},
 journal={Mobile Computing, IEEE},
 title={Data Delivery Properties of Human Contact Networks},
 year={2011},
 volume={10},
 number={6},
 pages={868-880},
 doi={10.1109/TMC.2010.225},
 ISSN={1536-1233},
}
@inproceedings{Hui-2005,
 author={Hui, Pan and Chaintreau, Augustin and Scott, James and Gass, Richard and Crowcroft, Jon and Diot, Christophe},
 title={Pocket Switched Networks and Human Mobility in Conference Environments},
 address={Estados Unidos},
 publisher={ACM},
 year={2005},
 booktitle={Workshop on Delay-tolerant Networking},
 isbn={1-59593-026-4},
 pages={244--251},
}
@article{Weiser-1991,
 author={Weiser, Mark},
 groups={public},
 issn={0036-8733},
 booktitle={Scientific American},
 number={3},
 pages={94-104},
 title={The Computer for the Twenty-First Century},
 volume={265},
 year={1991},
}
@article{Rubinstein-2009,
 author={Rubinstein, M. G. and Abdesslem, F. B. and Amorim, M. D. de and Cavalcanti, S. R. and Alves, R. dos S. and Costa, L. H. M. K. and Duarte, O. C. M. B. and Campista, M. E. M.},
 journal={Communications Magazine, IEEE},
 title={Measuring the capacity of in-car to in-car vehicular networks},
 year={2009},
 month={November},
 volume={47},
 number={11},
 pages={128-136},
 ISSN={0163-6804},
 }
 
@article{Conti-2010,
 author={Conti, M. and Giordano, S. and May, M. and Passarella, A.},
 journal={Communications Magazine, IEEE},
 title={From opportunistic networks to opportunistic computing},
 year={2010},
 volume={48},
 number={9},
 pages={126-139},
 doi={10.1109/MCOM.2010.5560597},
 ISSN={0163-6804},
 }
 
@inproceedings{Mapp-2009,
 author={Mapp, G. and Shaikh, F. and Aiash, M. and Vanni, R.P. and Augusto, M. and Moreira, E.},
 booktitle={Network-Based Information Systems},
 title={Exploring Efficient Imperative Handover Mechanisms for Heterogeneous Wireless Networks},
 year={2009},
 pages={286-291},
 publisher={IEEE},
 address={Estados Unidos},
}
@article{Faezipour-2012,
 author={Faezipour, Miad and Nourani, Mehrdad and Saeed, Adnan and Addepalli, Sateesh},
 title={Progress and Challenges in Intelligent Vehicle Area Networks},
 journal={Communications of the ACM},
 volume={55},
 number={2},
 year={2012},
 issn={0001-0782},
 pages={90--100},
 numpages={11}, 
 publisher={ACM},
 address={Estados Unidos},
}
@article{Beresford-2006,
 author={Beresford, A.R. and Bacon, J.},
 booktitle={Pervasive Computing, IEEE},
 title={Intelligent Transportation Systems},
 year={2006},
 volume={5},
 number={4},
 pages={63-67},
 ISSN={1536-1268},
}
@inproceedings{Zhang-2012,
 author={Zhang, Lei and Zhuang, Yanyan and Pan, Jianping and Lovereen, Kaur and Zhu, Hongzi},
 booktitle={Communications in China (ICCC)},
 title={Multi-modal message dissemination in vehicular ad-hoc networks},
 year={2012},
 pages={670-675}, 
 publisher={IEEE},
 address={China},
}
@inproceedings{Fuentes-2011,
 author={Fuentes, José María de and Gonz\'alez-Tablas, Ana Isabel and Ribagorda, Arturo},
 title={Overview of Security Issues in Vehicular Ad-hoc Networks},
 booktitle={Handbook of Research on Mobility and Computing: Evolving Technologies and Ubiquitous Impacts},
 year={2011},
 address={Estados Unidos},
 publisher={IGI Global},
 pages={894--911},
}
@inproceedings{Dharwadkar-2007,
 author={Dharwadkar, S. N. and Masood, N.},
 booktitle={Consumer Electronics (ISCE)},
 title={Next Generation Network},
 year={2007},
 publisher={IEEE},
 pages={1-4},
 address={Estados Unidos}
}
@inproceedings{Hui-2008,
 author={Hui, Pan and Crowcroft, Jon and Yoneki, Eiko},
 title={Bubble Rap: Social-based Forwarding in Delay Tolerant Networks},
 booktitle={Mobile Ad Hoc Networking and Computing},
 series={MobiHoc '08},
 year={2008},
 isbn={978-1-60558-073-9},
 location={Hong Kong, Hong Kong, China},
 pages={241--250}, 
 publisher={ACM},
 address={Estados Unidos},
}
@article{Hui-2011,
 author={Pan Hui and Crowcroft, J. and Yoneki, E.},
 booktitle={Mobile Computing, IEEE Transactions},
 title={BUBBLE Rap: Social-Based Forwarding in Delay-Tolerant Networks},
 year={2011},
 volume={10},
 pages={1576-1589},
 ISSN={1536-1233},
}
@inproceedings{Mtibaa-2010,
 author={Mtibaa, Abderrahmen and May, Martin and Diot, Christophe and Ammar, Mostafa},
 title={Peoplerank: Social Opportunistic Forwarding},
 booktitle={Proceedings of the 29th Conference on Information Communications},
 series={INFOCOM'10},
 year={2010}, 
 isbn={978-1-4244-5836-3},
 pages={111--115},
 publisher={IEEE Press},
 address={Estados Unidos},
}
@inproceedings{Khan-2012,
 author={Khan, S.K.A. and Mondragon, R.J. and Tokarchuk, L.N.},
 booktitle={Pervasive Computing and Communications Workshops},
 title={Lobby Influence: Opportunistic forwarding algorithm based on human social relationship patterns},
 year={2012},
 isbn={978-1-4673-0905-9},
 pages={211-216},
 publisher={IEEE},
}
@inproceedings{Figueiredo-2001,
 author={Figueiredo, L. and Jesus, I. and Machado, J.A.T. and Ferreira, J.R. and de Carvalho, J.L.M.},
 booktitle={Intelligent Transportation Systems},
 title={Towards the development of intelligent transportation systems},
 year={2001},
 pages={1206-1211},
 publisher={IEEE},
 address={Estados Unidos},
}
@incollection{Mtibaa-2012, 
 booktitle={Handbook of Optimization in Complex Networks},
 series={Springer Optimization and Its Applications},
 editor={Thai, My T. and Pardalos, Panos M.},
 title={Social Forwarding in Mobile Opportunistic Networks: A Case of PeopleRank},
 publisher={Springer New York},
 author={Mtibaa, Abderrahmen and May, Martin and Ammar, Mostafa},
 pages={387-425},
 year={2012},
 isbn={978-1-4614-0856-7},
}
@inproceedings{Bulut-2010,
 author={Bulut, E. and Geyik, S.C. and Szymanski, B.K.},
 booktitle={Mobile Adhoc and Sensor Systems},
 title={Efficient routing in delay tolerant networks with correlated node mobility},
 year={2010},
 pages={79-88},
 address={Estados Unidos},
 publisher={IEEE},
 ISSN={2155-6806},
}
@article{Jain-2004,
 author={Jain, Sushant and Fall, Kevin and Patra, Rabin},
 title={Routing in a Delay Tolerant Network},
 booktitle={SIGCOMM Comput. Commun. Rev.},
 volume={34},
 number={4},
 year={2004},
 issn={0146-4833},
 pages={145--158},
 publisher={ACM},
 address={Estados Unidos}, 
}
@inproceedings{Cho-2011,
 author={Cho, Eunjoon and Myers, Seth A. and Leskovec, Jure},
 title={Friendship and Mobility: User Movement in Location-based Social Networks},
 booktitle={Conference on Knowledge Discovery and Data Mining},
 year={2011},
 pages={1082--1090},
 publisher={ACM},
 address={Estados Unidos},
} 
@inproceedings{Resende-2009,
 author={Resende, P. T. V. and SOUSA, P. R. de},
 title={Mobilidade urbana nas grandes cidades brasileiras: um estudo sobre os impactos do congestionamento},
 booktitle={XII Simpósio de administração da produção, logística e operações internacionais},
 year= {2009},
 address={Brasil},
 publisher={SIMPOI},
}
@techreport{Vahdat-2000,
 title={Epidemic Routing for Partially Connected Ad Hoc Networks},
 author={Vahdat, A. and Becker, D.},
 publisher={Duke University},
 series={Duke University Technical Report CS-200006}, 
 year={2000},
 address={Estados Unidos},
}
@techreport{Chaintreau-2005,
 author={Augustin Chaintreau and Pan Hui and Jon Crowcroft and Christophe Diot and Richard Gass and James Scott},
 title={Pocket switched networks: Real-world mobility and its consequences for opportunistic forwarding},
 series={Technical Report UCAM-CL-TR-617, University of Cambridge, Computer Laboratory},
 address={Reino Unido},
 year={2005},
}
@article {Casteigts-2011,
 author={Casteigts, Arnaud and Nayak, Amiya and Stojmenovic, Ivan},
 title={Communication protocols for vehicular ad hoc networks},
 journal={Wireless Communications and Mobile Computing},
 volume={11},
 number={5},
 publisher={John Wiley \& Sons, Ltd.},
 issn={1530-8677},
 pages={567--582},
 year={2011},
 address={Reino Unido},
}
@inproceedings{Zhang-2014,
 author={Zhang, Lei and Yu, Boyang and Pan, Jianping},
 title={GeoMob: A Mobility-aware Geocast Scheme in Metropolitans via Taxicabs and Buses},
 year={2014},
 month={April},
 booktitle={International Conference on Computer Communications (INFOCOM'14)},
 publisher={IEEE},
 address={Canadá},
}
@misc{tapas-2014,
 author={TAPAS},
 title={TAPAS Cologne},
 year={2014},
 url={http://sumo-sim.org/wiki/Data/Scenarios/TAPASCologne},
 urlaccessdate={06 junho 2014},
}
@article{SUMO-2012,
 author = {Daniel Krajzewicz and Jakob Erdmann and Michael Behrisch and Laura Bieker},
 title = {Recent Development and Applications of {SUMO - Simulation of Urban MObility}},
 volume = {5},
 number = {3\&4 },
 year = {2012},
 journal = {International Journal On Advances in Systems and Measurements},
 pages = {128--138},
}
@misc{SUMO-2014,
 author={SUMO},
 title={Simulation of Urban Mobility},
 year={2014},
 url={http://sumo.dlr.de/wiki/SUMO_User_Documentation},
 urlaccessdate={06 junho 2014},
}
@inproceedings{Saha-2004,
 author={Saha, Amit Kumar and Johnson, David B.},
 title={Modeling Mobility for Vehicular Ad-hoc Networks},
 booktitle={Workshop on Vehicular Ad Hoc Networks},
 series={VANET '04},
 year={2004},
 isbn={1-58113-922-5},
 pages={91--92},
 publisher={ACM},
 address={Estados Unidos},
}
@inproceedings{Cunha-2014,
 author={Cunha, Felipe and Viana, Aline C. and Mini, Raquel A. F. and Loureiro, Antonio A. F.},
 title={Is it Possible to Find Social Properties in Vehicular Networks?},
 booktitle={Proceedings of ISCC 2014},
 address={Portugal},
 year={2014},
 publisher={Computers and Communication (ISCC), IEEE Symposium},
}
@inproceedings{Potnis-2006,
 author={Potnis, Niranjan and Mahajan, Atulya},
 title={Mobility Models for Vehicular Ad Hoc Network Simulations},
 booktitle={Proceedings of the 44th Annual Southeast Regional Conference},
 series={ACM-SE 44},
 year={2006},
 isbn={1-59593-315-8},
 location={Melbourne, Florida},
 pages={746--747},
 publisher={ACM},
 address={Estados Unidos},
}
@book{Guo-2009,
 author={Guo, Huaqun and Guo, Huaqun},
 title={Automotive Informatics and Communicative Systems: Principles in Vehicular Networks and Data Exchange},
 year={2009},
 isbn={1605663387},
 edition={1st},
 publisher={Information Science Reference - Imprint of: IGI Publishing},
 address={Estados Unidos},
}
@inproceedings{da2014extraccao,
 title={Extra{\c{c}}{\~a}o de Propriedades Sociais em Redes Veiculares},
 author={Da Cunha, Felipe Domingos and Viana, Aline Carneiro and Rodrigues, Thiago and Mini, Raquel AF and Loureiro, Antonio AF and others},
 booktitle={XXXII Simp{\'o}sio Brasileiro de Redes de Computadores e Sistemas Distribu{\'\i}dos},
 year={2014},
}
@article{Cunha-2014comuication,
 title={Data Communication in VANETs: A Survey, Challenges and Applications},
 author={Da Cunha, Felipe Domingos and Vilas, Leandro Aparecido and Viana, Aline Carneiro and Loureiro, Antonio AF and others},
 year={2014},
}
@inproceedings{Cunha-2014vehicular,
 title={Are Vehicular Networks Small World?},
 author={Da Cunha, Felipe Domingos and Viana, Aline and Mini, Raquel AF and Loureiro, Antonio AF and others},
 booktitle={IEEE International Conference on Computer Communications (INFOCOM'14)- Workshop for students},
 year={2014},
 publisher={IEEE},
}
%%
@mastersthesis{sa-2012,
 author={S\'{A}, Margarete Oliveira dos Santos},
 title={I-car: serviços de comunicação inteligentes para aplicações multiagentes sobre redes veiculares},
 address={Brasil},
 year={2012},
 school={Universidade Federal da Bahia (UFBA)}
}
@mastersthesis{mateus-2010,
 author={Mateus, Bruno Góis},
 title={Análise sobre o impacto da densidade veicular, da carga da rede e da mobilidade no desempenho de protocolos de roteamento para Redes Veiculares},
 address={Brasil},
 year={2010},
 school={Universidade Federal do Ceará (UFC)}
}
@mastersthesis{costa-2013,
 author={Costa, Lourdes Patricia Portugal Poma},
 title={Aprimorando o Desempenho de Algoritmos de Roteamento em Vanets Utilizando Classificação},
 address={Brasil},
 year={2013},
 school={Universidade Federal de São Carlos (UFSCar)}
}
@article{oliveira-2010,
 title={Comparativo entre Algoritmos de Roteamento Utilizados em Redes Veiculares},
 author={Oliveira, Ren{\^e} R and Wangham, Michelle S},
 journal={Congresso Sul Brasileiro de Computação (Anais SULCOMP)},
 volume={5},
 number={1},
 year={2010}
}
@inproceedings{campos-2010,
 title={Caracterização ao da Mobilidade Veicular e o seu Impacto nas Redes Veiculares Tolerantes a Atrasos e Desconexões},
 author={Campos, Carlos AV and Moraes, Lu{\i}s FM and Silva, Rodrigo F},
 booktitle={XXVIII Simpósio Brasileiro de Redes de Computadores e Sistemas Distribuídos},
 publisher={SBRC},
 year={2010},
 pages={585-598},
 address={Brasil},
}
@ARTICLE{Venkatesh-2014,
 author={Venkatesh and Indra, A and Murali, R},
 journal={Journal of Emerging Trends in Computing and Information Sciences},
 title={Routing Protocol for Vehicular Ad hoc Networks (VANETs): A Review},
 year={2014},
 volume={5},
 number={1},
 pages={12-22},
 ISSN={2079-8407},
}

###################################################################################################################################################################################

% This file was created with JabRef 2.10.
% Encoding: UTF8

@MANUAL{frasson:2005:classe_abnt,
  title = {Classe ABNT: Confec{\c c}\~ao de trabalhos acad\^emicos em LATEX
	segundo as normas ABNT Vers\~ao 1.15},
  author = {Miguel V. S. Frasson and Gerald Weber},
  year = {2005},
  howpublished = {http://abntex.codigolivre.org.br}
}

@MISC{janos:2005:algpseudocode,
  month = {Abril},
  year = {2005},
  url = {http://www.tug.org/texlive/Contents/live/texmf-dist/doc/latex/algorithmicx/algorithmicx.pdf},
  urlaccessdate = {29/03/2011},
  author = {Sz\'asz J\'anos},
  owner = {marcos},
  timestamp = {2011.03.29},
  title = {The algorithmicx package}
}

@MISC{cassagojr:1997:amslatex,
  year = {1997},
  url = {http://www.icmc.usp.br/~sma/suporte/Ams-manual.pdf},
  urlaccessdate = {30/03/2011},
  author = {Herminio Cassago Junior and Luiz Carlos Franco},
  owner = {marcos},
  timestamp = {2011.03.30},
  title = {AMS-Latex}
}

@MISC{moses:2006:listings,
  year = {2006},
  url = {http://ftp.tex.ac.uk/tex-archive/macros/latex/contrib/listings/listings.pdf},
  urlaccessdate = {29/03/2011},
  author = {Brooks Moses},
  owner = {marcos},
  timestamp = {2011.03.29},
  title = {The Listings Package}
}

@ELECTRONIC{marcos:site,
  url = {http://sites.google.com/site/ultramarcos},
  urlaccessdate = {01/02/2012},
  author = {Marcos Roberto Ribeiro},
  owner = {marcos},
  timestamp = {05/06/2012}
}

@ELECTRONIC{usp:logo,
  url = {http://www.scs.usp.br/identidadevisual/wp-content/uploads/myriamkrasilchik_1996.pdf},
  urlaccessdate = {18 nov. 2014},
  year={1996},
  address={São Paulo},
  author = {KRASILCHIK, Myriam and Gomes, Celso de Barros and Melo, Francisco In\'acio Homem and Filho, Heliodoro Teixeira Bastos and Katinsky, Julio Roberto and Corr\^ea, Tup\~a Gomes},
  title={A USP e sua identidade visual},
  owner = {USP},
  timestamp = {18/11/2014}
}


@INBOOK{silva:inbook,
  author = {Jos\'e Silva},
  title = {Título do capítulo do livro},
  editor = {Maria da Silva},
  booktitle = {Título do Livro},
  chapter = {3},
  pages = {102-187},
  publisher = {Nome da Editora},
  address = {Cidade da Editora},
  year = {2011},
  owner = {marcos},
  timestamp = {05/06/2012}
}

@INCOLLECTION{silva:incollection,
  author = {Jos\'e Silva},
  title = {Título do livro},
  booktitle = {Título da Coletânea},
  editor = {Maria da Silva},
  pages = {350},
  publisher = {Nome da Editora},
  address = {Cidade da Editora},
  year = {2011},
  owner = {marcos},
  timestamp = {05/06/2012}
}

@INPROCEEDINGS{silva:inproceedings,
  author = {Jos\'e Silva},
  title = {Título do trabalho},
  organization = {Nome do evento},
  conference-number = {20},
  year = {2011},
  address = {Cidade do Evento},
  owner = {marcos},
  timestamp = {05/06/2012}
}

@MASTERSTHESIS{silva:master,
  author = {Jos\'e Silva},
  title = {Título da dissertação},
  school = {Instituto Federal Minas Gerais - Campus Bambuí},
  year = {2011},
  address = {Bambuí},
  owner = {marcos},
  timestamp = {05/06/2012}
}

@MONOGRAPHY{silva:monography,
  author = {Jos\'e Silva},
  title = {Título da monografia},
  type = {Graduação},
  school = {Instituto Federal Minas Gerais - Campus Bambuí},
  year = {2011},
  address = {Bambuí},
  owner = {marcos},
  timestamp = {05/06/2012}
}

@TECHREPORT{silva:tech,
  author = {Jos\'e Silva},
  title = {Título do relatório técnico},
  organization = {Instituto Federal Minas Gerais - Campus Bambuí},
  year = {2011},
  address = {Bambuí},
  owner = {marcos},
  timestamp = {05/06/2012}
}

@ARTICLE{silva:artigo,
  author = {Jos\'e Silva and Maria Silva},
  title = {Título do artigo},
  journal = {Nome da Revista},
  year = {2012},
  volume = {I},
  number = {2},
  pages = {37-48},
  owner = {marcos},
  timestamp = {05/06/2012}
}

@BOOKLET{silva:booklet,
  title = {Título do trabalho sem editora},
  author = {Jos\'e Silva and Maria Silva},
  year = {2012},
  owner = {marcos},
  timestamp = {05/06/2012}
}

@MANUAL{silveira:2006:manual_tcc,
  title = {Manual de Normalização para Apresentação de Trabalho de Conclusão
	de Curso (TCC)},
  author = {Simoni J\'ulia da Silveira},
  organization = {Centro Federal de Educa{\c c}\~ao Tecnol\'ogica de Bambu\'i},
  address = {Bambuí},
  year = {2006},
  owner = {marcos},
  timestamp = {2011.03.23}
}

@BOOK{wazlawick:2009,
  title = {Metodologia de pesquisa para ciência da computação},
  author = {Wazlawick, Raul Sidnei},
  publisher = {Elsevier},
  year = {2009},
  address = {Rio de Janeiro},
  owner = {marcos},
  timestamp = {05/06/2012}
}

@MISC{wikipedia:2011:america_sul,
  year = {2011},
  url = {http://pt.wikipedia.org/wiki/América do Sul},
  urlaccessdate = {23/03/2011},
  author = {Wikip\'edia},
  owner = {marcos},
  timestamp = {2011.03.23},
  title = {Am\'erica do Sul}
}

@comment{jabref-entrytype: Monography: req[author;title;type;school;year;address] opt[pages;pagename;url;urlaccessdate;note]}


@manual{NBR14724:2011,
Address = {Rio de Janeiro},
Date-Added = {2013-03-18 14:19:32 +0000},
Date-Modified = {2013-03-18 14:20:15 +0000},
Month = mar,
Org-Short = {ABNT},
Organization = {Associa{\c c}\~ao Brasileira de Normas T\'ecnicas},
Pages = 15,
Subtitle = {Informa{\c c}\~ao e documenta{\c c}\~ao --- Trabalhos acad\^emicos --- Apresenta{\c c}\~ao},
Title = {{ABNT NBR} 14724:2011},
Year = 2011}

@manual{NBR6024:2012,
Address = {Rio de Janeiro},
Date-Added = {2013-03-18 13:32:00 +0000},
Date-Modified = {2013-03-18 13:33:17 +0000},
Month = feb,
Org-Short = {ABNT},
Organization = {Associa{\c c}\~ao Brasileira de Normas T\'ecnicas},
Pages = 4,
Subtitle = {Informa{\c c}\~ao e Documenta{\c c}\~ao - Numera{\c c}\~ao progressiva das se{\c c}\~oes de um documento - Apresenta{\c c}\~ao},
Title = {{ABNT NBR} 6024: 2012},
Year = 2012}

@book{ibge1993,
	Address = {Rio de Janeiro},
	Author = {IBGE},
	Date-Added = {2013-08-21 13:48:18 +0000},
	Date-Modified = {2013-08-21 13:55:50 +0000},
	Edition = {3},
	Organization = {http://biblioteca.ibge.gov.br/visualizacao/livros/liv23907.pdf},
	Publisher = {Centro de Documenta{\c c}{\~a}o e Dissemina{\c c}{\~a}o de Informa{\c c}{\~o}es. Funda{\c c}{\~a}o Intituto Brasileiro de Geografia e Estat{\'\i}stica},
	Title = {Normas de apresenta{\c c}{\~a}o tabular},
	Urlaccessdate = {21 ago 2013},
	Year = {1993}}
	
	@manual{abntex2classe,
Annote = {Este documento substitui o \cite{abnt-classe-doc}},
Author = {abnTeX2 and Lauro C{\'e}sar Araujo},
Date-Added = {2012-12-19 13:08:40 +0000},
Date-Modified = {2013-04-05 11:03:25 +0000},
Organization = {Equipe abnTeX2},
Title = {A classe abntex2: Modelo can{\^o}nico de trabalhos acad{\^e}micos brasileiros compat{\'\i}vel com as normas ABNT NBR 14724:2011, ABNT NBR 6024:2012 e outras},
Url = {http://abntex2.googlecode.com/},
Year = {2012},
Bdsk-Url-1 = {http://code.google.com/p/abntex2/}}

@manual{NBR10520:2002,
	Address = {Rio de Janeiro},
	Date-Added = {2012-12-15 21:43:38 +0000},
	Date-Modified = {2013-01-12 22:17:20 +0000},
	Month = {ago.},
	Org-Short = {ABNT},
	Organization = {Associa{\c c}\~ao Brasileira de Normas T\'ecnicas},
	Pages = 7,
	Subtitle = {Informa{\c c}\~ao e documenta{\c c}\~ao --- Apresenta{\c c}\~ao de cita{\c c}\~oes em documentos},
	Title = {{NBR} 10520},
	Year = 2002}
	
@manual{abntex2cite-alf,
	Annote = {Este documento {\'e} derivado do \cite{abnt-bibtex-alf-doc}},
	Author = {abnTeX2 and Lauro C{\'e}sar Araujo},
	Date-Added = {2013-01-09 10:37:45 +0000},
	Date-Modified = {2013-04-05 11:03:05 +0000},
	Organization = {Equipe abnTeX2},
	Title = {O pacote abntex2cite: t{\'o}picos espec{\'\i}ficos da ABNT NBR 10520:2002 e o estilo bibliogr{\'a}fico alfab{\'e}tico (sistema autor-data)},
	Url = {http://abntex2.googlecode.com/},
	Year = {2013},
	Bdsk-Url-1 = {http://code.google.com/p/abntex2/}}	
	
	@manual{babel,
	Author = {Johannes Braams},
	Date-Added = {2013-02-17 13:37:14 +0000},
	Date-Modified = {2013-02-17 13:38:38 +0000},
	Month = {Apr.},
	Title = {Babel, a multilingual package for use with LATEX's standard document classes},
	Url = {http://mirrors.ctan.org/info/babel/babel.pdf},
	Urlaccessdate = {17 fev. 2013},
	Year = {2008},
	Bdsk-Url-1 = {http://mirrors.ctan.org/info/babel/babel.pdf}}
	
% Exemplos 

 @book{10520:2000:4.1-1,
 author  ={X. Y. Z. Authler-Reiriz},
 year    =1982,
 title   ={Exemplo de cita{\c c}\~ao no texto}}
 @book{10520:2000:4.1-2,
 author  ={X. Y. Z. Derrida},
 year    =1967,
 title   ={Exemplo de cita{\c c}\~ao no texto},
 pages   =293}
@book{10520:2000:4.1-3,
 year    =1978,
 title   ={Depoimento sobre qualquer coisa},
 pages   ={101-114}}
 @book{10520:2000:4.2-2,
 author  ={X. Y. Z. Oliveira and X. Y. Z. Leonardos},
 year    =1943,
 title   ={Exemplo de cita{\c c}\~ao no texto}}